@article{DBLP:journals/corr/abs-1910-02527,
  author    = {Iro Armeni and
               Zhi{-}Yang He and
               JunYoung Gwak and
               Amir R. Zamir and
               Martin Fischer and
               Jitendra Malik and
               Silvio Savarese},
  title     = {3D Scene Graph: {A} Structure for Unified Semantics, 3D Space, and
               Camera},
  journal   = {CoRR},
  volume    = {abs/1910.02527},
  year      = {2019},
  url       = {http://arxiv.org/abs/1910.02527},
  eprinttype = {arXiv},
  eprint    = {1910.02527},
  timestamp = {Fri, 23 Sep 2022 14:37:44 +0200},
  biburl    = {https://dblp.org/rec/journals/corr/abs-1910-02527.bib},
  bibsource = {dblp computer science bibliography, https://dblp.org}
}
@article{rosinol20203d,
  title={3D dynamic scene graphs: Actionable spatial perception with places, objects, and humans},
  author={Rosinol, Antoni and Gupta, Arjun and Abate, Marcus and Shi, Jingnan and Carlone, Luca},
  journal={arXiv preprint arXiv:2002.06289},
  year={2020}
}
@inproceedings{wu2021scenegraphfusion,
  title={Scenegraphfusion: Incremental 3d scene graph prediction from rgb-d sequences},
  author={Wu, Shun-Cheng and Wald, Johanna and Tateno, Keisuke and Navab, Nassir and Tombari, Federico},
  booktitle={Proceedings of the IEEE/CVF Conference on Computer Vision and Pattern Recognition},
  pages={7515--7525},
  year={2021}
}
@article{hughes2022hydra,
  title={Hydra: A real-time spatial perception engine for 3d scene graph construction and optimization},
  author={Hughes, Nathan and Chang, Yun and Carlone, Luca},
  journal={arXiv preprint arXiv:2201.13360},
  year={2022}
}
@inproceedings{zhang2014loam,
  title={LOAM: Lidar odometry and mapping in real-time.},
  author={Zhang, Ji and Singh, Sanjiv},
  booktitle={Robotics: Science and Systems},
  volume={2},
  number={9},
  pages={1--9},
  year={2014},
  organization={Berkeley, CA}
}
@inproceedings{wang2021f,
  title={F-loam: Fast lidar odometry and mapping},
  author={Wang, Han and Wang, Chen and Chen, Chun-Lin and Xie, Lihua},
  booktitle={2021 IEEE/RSJ International Conference on Intelligent Robots and Systems (IROS)},
  pages={4390--4396},
  year={2021},
  organization={IEEE}
}
@inproceedings{shan2018lego,
  title={Lego-loam: Lightweight and ground-optimized lidar odometry and mapping on variable terrain},
  author={Shan, Tixiao and Englot, Brendan},
  booktitle={2018 IEEE/RSJ International Conference on Intelligent Robots and Systems (IROS)},
  pages={4758--4765},
  year={2018},
  organization={IEEE}
}
@article{bavle2022situational,
  title={Situational graphs for robot navigation in structured indoor environments},
  author={Bavle, Hriday and Sanchez-Lopez, Jose Luis and Shaheer, Muhammad and Civera, Javier and Voos, Holger},
  journal={IEEE Robotics and Automation Letters},
  volume={7},
  number={4},
  pages={9107--9114},
  year={2022},
  publisher={IEEE}
}


